@article{scikit-learn,
 title={Scikit-learn: Machine Learning in {P}ython},
 author={Pedregosa, F. and Varoquaux, G. and Gramfort, A. and Michel, V.
         and Thirion, B. and Grisel, O. and Blondel, M. and Prettenhofer, P.
         and Weiss, R. and Dubourg, V. and Vanderplas, J. and Passos, A. and
         Cournapeau, D. and Brucher, M. and Perrot, M. and Duchesnay, E.},
 journal={Journal of Machine Learning Research},
 volume={12},
 pages={2825--2830},
 year={2011}
}

@inproceedings{zhu2009,
  title={MedLDA: maximum margin supervised topic models for regression and classification},
  author={Zhu, Jun and Ahmed, Amr and Xing, Eric P},
  booktitle={Proceedings of the 26th Annual International Conference on Machine Learning},
  pages={1257--1264},
  year={2009},
  organization={ACM}
}

@inproceedings{lacoste2009,
  title={DiscLDA: Discriminative learning for dimensionality reduction and classification},
  author={Lacoste-Julien, Simon and Sha, Fei and Jordan, Michael I},
  booktitle={Advances in neural information processing systems},
  pages={897--904},
  year={2009}
}
@book{bird2009,
  title={Natural language processing with Python},
  author={Bird, Steven and Klein, Ewan and Loper, Edward},
  year={2009},
  publisher={" O'Reilly Media, Inc."}
}

@book{jurafsky2014speech,
  title={Speech and language processing},
  author={Jurafsky, Dan and Martin, James H},
  volume={3},
  year={2014},
  publisher={Pearson London:}
}


@book{bishop2006patternmachine,
  title={Pattern Recognition and Machine Learning},
  author={Christopher Bishop},
  volume={},
  year={2006},
  publisher={Springer-Verlag New York}
}


@inproceedings{pang2002thumbs,
  title={Thumbs up?: sentiment classification using machine learning techniques},
  author={Pang, Bo and Lee, Lillian and Vaithyanathan, Shivakumar},
  booktitle={Proceedings of the ACL-02 conference on Empirical methods in natural language processing-Volume 10},
  pages={79--86},
  year={2002},
  organization={Association for Computational Linguistics}
}

@article{pang2008opinion,
  title={Opinion mining and sentiment analysis},
  author={Pang, Bo and Lee, Lillian and others},
  journal={Foundations and Trends{\textregistered} in Information Retrieval},
  volume={2},
  number={1--2},
  pages={1--135},
  year={2008},
  publisher={Now Publishers, Inc.}
}

@article{liu2012sentiment,
  title={Sentiment analysis and opinion mining},
  author={Liu, Bing},
  journal={Synthesis lectures on human language technologies},
  volume={5},
  number={1},
  pages={1--167},
  year={2012},
  publisher={Morgan \& Claypool Publishers}
}

@article{luo2016emotion,
  title={Emotion space model for classifying opinions in stock message board},
  author={Luo, Banghui and Zeng, Jianping and Duan, Jiangjiao},
  journal={Expert Systems with Applications},
  volume={44},
  pages={138--146},
  year={2016},
  publisher={Elsevier}
}

@article{kramer2014experimental,
  title={Experimental evidence of massive-scale emotional contagion through social networks},
  author={Kramer, Adam DI and Guillory, Jamie E and Hancock, Jeffrey T},
  journal={Proceedings of the National Academy of Sciences},
  volume={111},
  number={24},
  pages={8788--8790},
  year={2014},
  publisher={National Acad Sciences}
}

@article{thelwall2010sentiment,
  title={Sentiment strength detection in short informal text},
  author={Thelwall, Mike and Buckley, Kevan and Paltoglou, Georgios and Cai, Di and Kappas, Arvid},
  journal={Journal of the Association for Information Science and Technology},
  volume={61},
  number={12},
  pages={2544--2558},
  year={2010},
  publisher={Wiley Online Library}
}

@article{kouloumpis2011twitter,
  title={Twitter sentiment analysis: The good the bad and the omg!},
  author={Kouloumpis, Efthymios and Wilson, Theresa and Moore, Johanna D},
  journal={Icwsm},
  volume={11},
  number={538-541},
  pages={164},
  year={2011}
}

@article{sokolova2009systematic,
  title={A systematic analysis of performance measures for classification tasks},
  author={Sokolova, Marina and Lapalme, Guy},
  journal={Information Processing \& Management},
  volume={45},
  number={4},
  pages={427--437},
  year={2009},
  publisher={Elsevier}
}

@article{fawcett2006introduction,
  title={An introduction to ROC analysis},
  author={Fawcett, Tom},
  journal={Pattern recognition letters},
  volume={27},
  number={8},
  pages={861--874},
  year={2006},
  publisher={Elsevier}
}

